<?xml version="1.0" encoding="UTF-8"?><collection xmlns="http://www.loc.gov/MARC21/slim"><record><leader>00559nam--2200169-i-4500</leader><controlfield tag="001">000045643</controlfield><controlfield tag="002">20161230</controlfield><controlfield tag="005">20161230201045</controlfield><controlfield tag="008">060222s1000------------r-----000-0-eng-d</controlfield><datafield ind1=" " ind2=" " tag="040"><subfield code="a">IFIN-HH</subfield></datafield><datafield ind1=" " ind2=" " tag="080"><subfield code="a">537.611.44:538.955</subfield></datafield><datafield ind1="1" ind2=" " tag="100"><subfield code="a">Turov, E.A</subfield></datafield><datafield ind1="1" ind2="0" tag="245"><subfield code="a">Physical properties of magnetically ordered crystals</subfield><subfield code="b">Translated from the russian by scripta technica, inc. translation edited by a. tybulewicz and s. chomet</subfield><subfield code="c">E.a. turov</subfield></datafield><datafield ind1=" " ind2=" " tag="260"><subfield code="a">New York</subfield><subfield code="b">Academic Press</subfield><subfield code="c">1965</subfield></datafield><datafield ind1=" " ind2=" " tag="300"><subfield code="a">XX+222P</subfield></datafield><datafield ind1=" " ind2=" " tag="852"><subfield code="a">75226</subfield><subfield code="c">539.2</subfield></datafield><datafield ind1=" " ind2=" " tag="CAT"><subfield code="a">Sys</subfield><subfield code="c">20121126</subfield><subfield code="h">104307</subfield></datafield></record></collection>